
@MISC{WEBSITE:1,
	HOWPUBLISHED = "\url{https://www.se.com/mx/es/product-category/3900-controladores-plc-y-pac}",
	AUTHOR = "https://www.se.com/",
	TITLE = "Controladores PLC",
	URLDATE = {2021-03-12}
}

@MISC{WEBSITE:2,
	HOWPUBLISHED = "\url{https://modbus.org/specs.php}",
	AUTHOR = "https://modbus.org/",
	TITLE = "Modbus Specifications and Implementation Guides.",
	URLDATE = {2021-03-12}
}

@MISC{WEBSITE:3,
	HOWPUBLISHED = "\url{https://standards.iso.org/ittf/PubliclyAvailableStandards/s020269_ISO_IEC_7498-1_1994(E).zip}",
	AUTHOR = "https://standards.iso.org/",
	TITLE = "ISO/IEC 7498-1",
	URLDATE = {2021-03-12}
}

@MISC{WEBSITE:4,
	HOWPUBLISHED = "\url{https://new.siemens.com/global/en/products/automation/industry-software/automation-software/scada/simatic-wincc-v7.html}",
	AUTHOR = "https://siemens.com/",
	TITLE = "The scalable and open SCADA system for maximum plant transparency and productivity",
	URLDATE = {2021-03-14}
}

@MISC{WEBSITE:5,
	HOWPUBLISHED = "\url{https://www.iab.org/}",
	AUTHOR = "https://www.iab.org//",
	TITLE = "Internet Architecture Board",
	URLDATE = {2021-03-13}
}

@MISC{WEBSITE:6,
	HOWPUBLISHED = "\url{https://kinsta.com/es/blog/cuota-de-mercado-de-la-nube/}",
	AUTHOR = "https://kinsta.com/",
	TITLE = "Cuota de mercado de la nube â€“ una mirada al ecosistema de la nube en 2021",
	URLDATE = {2021-03-13}
}

@MISC{WEBSITE:7,
	HOWPUBLISHED = "\url{https://mqtt.org/mqtt-specification/}",
	AUTHOR = "https://mqtt.org/",
	TITLE = "MQTT Specifications",
	URLDATE = {2021-03-14}
}

@MISC{WEBSITE:8,
	HOWPUBLISHED = "\url{https://www.dytsoluciones.com.ar/es/}",
	AUTHOR = "https://www.dytsoluciones.com.ar",
	TITLE = "D\&T - Desarrollos para IoT",
	URLDATE = {2021-03-14}
}

@MISC{WEBSITE:9,
	HOWPUBLISHED = "\url{https://www.rfc-es.org/rfc/rfc0791-es.txt}",
	AUTHOR = "https://www.rfc-es.org/",
	TITLE = "Internet Protocol",
	URLDATE = {2021-03-14}
}

@BOOK{BOOK:1,
    AUTHOR="Gordon Clarke, Deon Reynders and Edwin Wright",
    TITLE="Practical Modern SCADA Protocols",
    PUBLISHER="Newnes",
    YEAR="2003",
}
